
@Misc{jmeter,
  author       = {JMeter},
  year	       = {},
  url = {https://jmeter.apache.org/},
}

@Misc{iostat,
  author       = {iostat},
  year	       = {},
  url = {https://linux.die.net/man/1/iostat},
}
@Misc{iotop,
  author       = {iotop},
  year	       = {},
  url = {https://linux.die.net/man/1/iotop},
}

@Misc{PERF,
  author       = {PERF},
  year	       = {},
  url = {https://perf.wiki.kernel.org/index.php/Main_Page},
}
@Misc{ps,
  author       = {ps},
  year	       = {},
  url = {https://man7.org/linux/man-pages/man1/ps.1.html},
}
@Misc{vmstat,
  author       = {vmstat},
  year	       = {},
  url = {https://man7.org/linux/man-pages/man8/vmstat.8.html},
}
@Misc{mpstat,
  author       = {mpstat},
  year	       = {},
  url = {https://man7.org/linux/man-pages/man1/mpstat.1.html},
}
@Misc{netstat,
  author       = {netstat},
  year	       = {},
  url = {https://man7.org/linux/man-pages/man8/netstat.8.html},
}

@Misc{matplotlib,
  author       = {matplotlib},
  year	       = {},
  url = {https://matplotlib.org/},
}
@Misc{bodhi_tree,
  author       = {Bodhi tree},
  year	       = {},
  url = {https://wiki.bodhi-tree.in/},
}


@Misc{gunicorn,
  author       = {Gunicorn},
  year	       = {},
  url = {https://docs.gunicorn.org/en/stable/configure.html},
}

@Misc{file_bench,
  author       = {File bench server},
  year	       = {},
  url = {https://linux.die.net/man/1/filebench},
}
@Misc{bodhi_tree_intallation,
  author       = {},
  year	       = {},
  url = {https://wiki.bodhi-tree.in/get-started/installation/installing_bodhitree/},
}
@Misc{docker_swarm,
  author       = {Docker swarm},
  year	       = {},
  url = {https://docs.docker.com/engine/swarm/},
}
@Misc{celery_affinity,
  author       = {Celery CPU affinities},
  year	       = {},
  url = {https://stackoverflow.com/questions/59696525/how-to-specify-cpu-cores-to-celery-workers},
}

@Misc{broker_pool,
  author       = {Celery Broker pool limit},
  year	       = {},
  url = {https://docs.celeryproject.org/en/stable/userguide/configuration.html#std-setting-broker_pool_limit},
}

@Misc{celery_opt,
  author       = {Transient celery queue setting},
  year	       = {},
  url = {https://docs.celeryproject.org/en/stable/userguide/optimizing.html},
}

@Misc{prefetch_multiplier,
  author       = {Celery prefetch multiplier},
  year	       = {},
  url = {https://docs.celeryproject.org/en/stable/userguide/configuration.html#std-setting-worker_prefetch_multiplier},
}

@Misc{disable_celery_log,
  author       = {Disabling celery logs},
  year	       = {},
  url = {https://github.com/celery/celery/issues/2509},
}

@Misc{disable_gunicorn_log,
  author       = {Disabling gunicorn logs},
  year	       = {},
  url = {https://github.com/benoitc/gunicorn/issues/2240},
}
@Misc{anshul_mtp_thesis,
  author       = {Anshul MTP thesis},
  year	       = {2019},
  url = {https://drive.google.com/file/d/14pUYamGGIFQc8Uv2sWPaXbjw7BXUKH1M/view?usp=sharing},
}

@Misc{tmpfs,
  author       = {Tmpfs},
  year	       = {},
  url = {https://www.kernel.org/doc/html/latest/filesystems/tmpfs.html},
}

@Misc{docker,
  author       = {Docker},
  year	       = {},
  url = {https://docs.docker.com/},
}

@Misc{docker_overview,
  author       = {Docker overview},
  year	       = {},
  url = {https://docs.docker.com/get-started/overview/},
}

@Misc{kvm_qemu,
  author       = {KVM-QEMU},
  year	       = {},
  url = {https://www.qemu.org/docs/master/},
}

@Misc{mongo_db,
  author       = {MongoDB},
  year	       = {},
  url = {https://www.mongodb.com/docs/},
}

@Misc{docker_swarm_overview,
  author       = {Docker swarm overview},
  year	       = {},
  url = {https://docs.docker.com/engine/swarm/how-swarm-mode-works/nodes/},
}